%
% This is file `coppe.bib'.
%
% Bibliographic references for the documentation.
%
% Copyright (C) 2011 CoppeTeX Project and any individual authors listed
% elsewhere in this file.
%
% This program is free software; you can redistribute it and/or modify
% it under the terms of the GNU General Public License version 3 as
% published by the Free Software Foundation.
%
% This program is distributed in the hope that it will be useful,
% but WITHOUT ANY WARRANTY; without even the implied warranty of
% MERCHANTABILITY or FITNESS FOR A PARTICULAR PURPOSE. See the
% GNU General Public License version 3 for more details.
%
% You should have received a copy of the GNU General Public License
% version 3 along with this package (see COPYING file).
% If not, see <http://www.gnu.org/licenses/>.
%
% $URL: https://coppetex.svn.sourceforge.net/svnroot/coppetex/trunk/coppe.bib $
% $Id: coppe.bib 118 2008-10-18 14:17:06Z helano $
%
% Author(s): Vicente H. F. Batista
%            George O. Ainsworth Jr.
%

@manual{manualpcb,
organization = {{PCB Piezotronics}},
title = {Large-sledge Impulse Hammer w/ force sensor \& tips:
Installation and Operating Manual},
number = {086D50},
year = {2016},
month = {Nov.}
} 

@manual{manualmh12,
organization = {{Yaskawa Motoman}},
title = {MH12 Operating and Maintenance Instructions},
number = {E1101000178GB01},
year = {2014},
month = {Fev.}
} 

@INPROCEEDINGS{8206216,
author={R. S. Freitas and E. E. M. Soares and R. R. Costa and B. B. Carvalho},
booktitle={2017 IEEE/RSJ International Conference on Intelligent Robots and Systems (IROS)},
title={High precision trajectory planning on freeform surfaces for robotic manipulators},
year={2017},
pages={3695-3700},
keywords={CAD;blades;end effectors;hydraulic turbines;industrial manipulators;path planning;position control;radial basis function networks;robot programming;spray coating techniques;thermal spraying;3-D freeform surface;CAD model;automatic trajectory generation;freeform surfaces;high precision trajectory planning;high precision welding;hydraulic turbine blades;in situ high velocity oxy-fuel coating;industrial robot programming;machining;manipulator end-effector velocities;off-line programming;painting;radial basis function;robotic manipulators;robotic system;software platform;surface modelling;surface sampling;thermal spraying;Blades;Computational modeling;Interpolation;Robots;Solid modeling;Surface treatment;Trajectory},
doi={10.1109/IROS.2017.8206216},
month={Set},}

@article{freitas2017state,
  title={State of the Art and Conceptual Design of Robotic Solutions for In Situ Hard Coating of Hydraulic Turbines},
  author={Freitas, Renan S and Silva, Gabriel AC and Soares, Eduardo EM and Ferr{\~a}o, Estev{\~a}o F and Costa, Ramon R},
  journal={Journal of Control, Automation and Electrical Systems},
  volume={28},
  number={1},
  pages={105--113},
  year={2017},
  publisher={Springer}
}

@manual{mescope,
author = {{Vibrant Technology}},
title = {ME'Scope VES, version 5.1},
year = {2011},
address = {Colorado, EUA},
url = {https://www.vibetech.com/mescope/}
} 

@manual{signalexpress,
author = {{National Instruments}},
title = {NI SignalExpress},
year = {2017},
address = {Texas, EUA},
url = {http://www.ni.com/labview/signalexpress}
} 

@book{lesser1995analysis,
  title={The Analysis of Complex Nonlinear Mechanical Systems: A Computer Algebra Assisted Approach (With Diskette of Maple Programming)},
  author={Lesser, Martin},
  volume={17},
  year={1995},
  publisher={World Scientific Publishing Company}
}

@manual{autodesk,
author = {{Autodesk}},
title = {Simulation Mechanical, version~2017},
year = {2017},
address = {California, EUA},
url = {https://www.autodesk.com/}
} 

@manual{solidworks,
author = {{Dassault Systemes}},
title = {SolidWorks, version~2018-SP1},
year = {2018},
address = {Massachusetts, EUA},
url = {http://www.solidworks.com/}
} 

@Manual{maple,
author = {Maplesoft},
title = {Maple, version~18},
year = {2017},
address = {Waterloo, ON Canad√°},
url = {https://www.maplesoft.com/}
} 

@article{do2010evoluccao,
  title={A Evolu{\c{c}}{\~a}o do CAD e sua Aplica{\c{c}}{\~a}o em Projetos de Engenharia},
  author={do Amaral, Renato Dias Calado and de Pina Filho, Armando Carlos},
  year={2010}
}

@BOOK{book-example,
   author = "R. Abraham and J. E. Marsden and T. Ratiu",
   title = "Manifolds, Tensor Analysis, and Applications",
   edition = "2",
   address = "New York",
   publisher = "Springer-Verlag",
   year = "1988",
}

@ARTICLE{article-example,
   author = "D. Iesan",
   title = {Existence Theorems in the Theory of Mixtures},
   journal = {Journal of Elasticity},
   volume = {42},
   number = {2},
   pages = {145--163},
   month = feb,
   year = 1996,
}

@TECHREPORT{techreport-exampleIn,
  author = "D. A. Garret",
  title = "The Microscopic Detection of Corrosion in Aluminum Aircraft Structures with Thermal Neutron Beams and Film Imaging Methods",
  type = "In: Report",
  number = "NBSIR 78-1434",
  institution = "National Bureau of Standards",
  address = "Washington, D.C.",
  year = "1977",
}

@TECHREPORT{techreport-example,
   author = "L. Maestrello",
   title = "Two-Point Correlations of Sound Pressure in the Far Field of a Jet: Experiment",
   type = "{NASA}",
   number = "{TM}~{X}-72835",
   year = 1976,
}

@INPROCEEDINGS{inproceedings-example,
   author = "M. E. Gurtin",
   title = "On the nonlinear theory of elasticity",
   booktitle = "Proceedings of the International Symposium on Continuum Mechanics and Partial Differential Equations: Contemporary Developments in Continuum Mechanics and Partial Differential Equations",
   pages = "237-253",
   address = "Rio de Janeiro",
   month = aug,
   year = 1977,
}


@INCOLLECTION{incollection-example,
   author = "S. C. Cowin",
   title = "Adaptive Anisotropy: An Example in Living Bone",
   booktitle = "Non-Classical Continuum Mechanics",
   series = "London Mathematical Society Lecture Note Series",
   volume = "122",
   publisher = "Cambridge University Press",
   pages = "174--186",
   year = 1987,
}

@INBOOK{inbook-example,
   author = "D. K. Edwards",
   title = "Thermal Radiation Measurements",
   address = "New York, USA",
   booktitle = "Measurements in Heat Transfer",
   publisher = "Hemisphere Publishing Corporation",
   editor = "E. R. G. Eckert and R. J. Goldstein",
   edition = 2,
   year = "1976",
   chapter = "10",
}

@MASTERSTHESIS{mastersthesis-example,
   author = "A. Tuntomo",
   title = "Transport Phenomena in a Small Particle with Internal Radiant Absorption",
   school = "University of California at Berkeley",
   type = "{Ph.D.} dissertation",
   address = "Berkeley, California, USA",
   year = 1990,
}

@PHDTHESIS{phdthesis-example,
   author = "Paes~Junior, H. R.",
   title = "Influ{\^e}ncia da Espessura da Camada Intr{\'i}nseca e Energia do Foton na Degrada{\c c}\~ao de C{\'e}lulas Solares de Sil{\'i}cio Amorfo Hidrogenado",
   school = "COPPE/UFRJ",
   address = "Rio de Janeiro, RJ, Brasil",
   type = "Tese de {D.Sc.}",
   year = 1994,
}
